\bibliographystyle{ieeetr}
@misc{mainpaper,
Author = {Yehuda Koren,Robert Bell and Chris Volinsky,},
Title = {MATRIX FACTORIZATION TECHNIQUES FOR RECOMMENDER SYSTEMS},
Year = {2009},
url		= {\url{https://datajobs.com/data-science-repo/Recommender-Systems-[Netflix].pdf}
}


@misc{code,
Author = {Pratik Mulchandani},
Title = {Music-Artist-Recommendation-System},
Year = {2018},
url		= {\url{https://github.com/prtk1910/Music-Artist-Recommendation-System}
}
}

@misc{predictiveShuffling,
Author = {Prateek Singh, Aditya Batheja, Abhijit Chowdhury},
Title = {Predictive Music Shuffling Algorithm},
Year = {2015},
url		= {\url{http://ijcsit.com/docs/Volume%206/vol6issue05/ijcsit2015060502.pdf
}
}
}


@ARTICLE{hybrid,
  author={A. {Gatzioura} and J. {Vinagre} and A. M. {Jorge} and M. {Sànchez-Marrè}},
  journal={IEEE Transactions on Knowledge and Data Engineering}, 
  title={A Hybrid Recommender System for Improving Automatic Playlist Continuation}, 
  year={2019},
  volume={},
  number={},
  pages={1-1},}
